% This file was created with JabRef 2.10.
% Encoding: UTF-8


@Manual{OMNETAPIREF,
  Title                    = {OMNeT++ API References},
  Edition                  = {4.6}
}

@Manual{OMNETMANUAL,
  Title                    = {OMNeT++ Manual},
  Edition                  = {4.6}
}

