
@inproceedings{privalov_analysis_2014,
	title = {Analysis and simulation of {WAN} traffic by self-similar traffic model with {OMNET}},
	url = {http://ieeexplore.ieee.org/xpls/abs_all.jsp?arnumber=6906429},
	urldate = {2015-12-17},
	booktitle = {Wireless {Communications} and {Mobile} {Computing} {Conference} ({IWCMC}), 2014 {International}},
	publisher = {IEEE},
	author = {Privalov, Alexander Yu and Tsarev, Alexander},
	year = {2014},
	pages = {629--634},
	file = {Analysis and Simulation of WAN Traffic by SelfSimilar Traffic Model with OMNET.pdf:/home/franz/Documents/MasterThesis/doc/lterature/omnet/unread/Analysis and Simulation of WAN Traffic by SelfSimilar
Traffic Model with OMNET.pdf:application/pdf}
}

@inproceedings{khan_analyzing_2011,
	title = {Analyzing transport and {MAC} layer in system-level performance simulation},
	url = {http://ieeexplore.ieee.org/xpls/abs_all.jsp?arnumber=6089223},
	urldate = {2015-12-17},
	booktitle = {System on {Chip} ({SoC}), 2011 {International} {Symposium} on},
	publisher = {IEEE},
	author = {Khan, Subayal and Saastamoinen, Jukka and Majanen, Mikko and Huusko, Jyrki and Nurmi, Jari},
	year = {2011},
	pages = {1--8},
	file = {Analyzing Transport and MAC Layer in SystemLevel Performance Simulation.pdf:/home/franz/Documents/MasterThesis/doc/lterature/omnet/unread/Analyzing Transport and MAC Layer in SystemLevel
Performance Simulation.pdf:application/pdf}
}

@inproceedings{kriege_proc/b_2008,
	title = {{ProC}/{B} goes {OMNeT}++: efficient simulation of process chains},
	shorttitle = {{ProC}/{B} goes {OMNeT}++},
	url = {http://ieeexplore.ieee.org/xpls/abs_all.jsp?arnumber=5755061},
	urldate = {2015-12-17},
	booktitle = {Measuring, {Modelling} and {Evaluation} of {Computer} and {Communication} {Systems} ({MMB}), 2008 14th {GI}/{ITG} {Conference}-},
	publisher = {VDE},
	author = {Kriege, Jan and Vastag, Sebastian},
	year = {2008},
	pages = {1--3},
	file = {B goes OMNeT++\: Efficient Simulation of Process Chains.pdf:/home/franz/Documents/MasterThesis/doc/lterature/omnet/unread/B goes OMNeT++\: Efficient Simulation
of Process Chains.pdf:application/pdf}
}

@incollection{hurni_calibrating_2009,
	title = {Calibrating wireless sensor network simulation models with real-world experiments},
	url = {http://link.springer.com/chapter/10.1007/978-3-642-01399-7_1},
	urldate = {2015-12-17},
	booktitle = {{NETWORKING} 2009},
	publisher = {Springer},
	author = {Hurni, Philipp and Braun, Torsten},
	year = {2009},
	pages = {1--13},
	file = {Calibrating Wireless Sensor Network Simulation Models with Real-World Experiments.pdf:/home/franz/Documents/MasterThesis/doc/lterature/omnet/unread/Calibrating Wireless Sensor Network Simulation Models with Real-World Experiments.pdf:application/pdf}
}

@inproceedings{xian_comparison_2008,
	title = {Comparison of {OMNET}++ and other simulator for {WSN} simulation},
	url = {http://ieeexplore.ieee.org/xpls/abs_all.jsp?arnumber=4582757},
	urldate = {2015-12-17},
	booktitle = {Industrial {Electronics} and {Applications}, 2008. {ICIEA} 2008. 3rd {IEEE} {Conference} on},
	publisher = {IEEE},
	author = {Xian, Xiaodong and Shi, Weiren and Huang, He},
	year = {2008},
	pages = {1439--1443},
	file = {Comparison of OMNET++ and Other Simulator for WSN Simulation .pdf:/home/franz/Documents/MasterThesis/doc/lterature/omnet/unread/Comparison of OMNET++ and Other Simulator for
WSN Simulation .pdf:application/pdf}
}

@book{international_symposium_on_distributed_computing_and_artificial_intelligence_distributed_2015,
	title = {Distributed computing and artificial intelligence, 12th {International} {Conference}},
	isbn = {978-3-319-19638-1 978-3-319-19637-4},
	url = {http://search.ebscohost.com/login.aspx?direct=true&scope=site&db=nlebk&db=nlabk&AN=1000077},
	abstract = {The 12th International Symposium on Distributed Computing and Artificial Intelligence 2015 (DCAI 2015) is a forum to present applications of innovative techniques for studying and solving complex problems. The exchange of ideas between scientists and technicians from both the academic and industrial sector is essential to facilitate the development of systems that can meet the ever-increasing demands of today?s society. The present edition brings together past experience, current work and promising future trends associated with distributed computing, artificial intelligence and their application in order to provide efficient solutions to real problems. This symposium is organized by the Osaka Institute of Technology, Qatar University and the University of Salamanca.},
	language = {English},
	urldate = {2015-12-17},
	author = {{International Symposium on Distributed Computing and Artificial Intelligence} and Ōmatu, S},
	year = {2015},
	file = {DistributedComputingAndArtificialIntelligence.pdf:/home/franz/Documents/MasterThesis/doc/lterature/omnet/unread/DistributedComputingAndArtificialIntelligence.pdf:application/pdf}
}

@inproceedings{evangelista_ebitsim:_2011,
	title = {{EbitSim}: {An} {Enhanced} {BitTorrent} {Simulation} {Using} {OMNeT}++ 4},
	isbn = {978-1-4577-0468-0},
	shorttitle = {{EbitSim}},
	url = {http://ieeexplore.ieee.org/lpdocs/epic03/wrapper.htm?arnumber=6005412},
	doi = {10.1109/MASCOTS.2011.46},
	urldate = {2015-12-17},
	publisher = {IEEE},
	author = {Evangelista, Pedro and Amaral, Marcelo and Miers, Charles and Goya, Walter and Simplicio, Marcos and Carvalho, Tereza and Souza, Victor},
	month = jul,
	year = {2011},
	pages = {437--440},
	file = {EbitSim\: An Enhanced BitTorrent Simulation Using OMNeT++ 4.pdf:/home/franz/Documents/MasterThesis/doc/lterature/omnet/unread/EbitSim\: An Enhanced BitTorrent Simulation Using
OMNeT++ 4.pdf:application/pdf}
}

@book{intelligent_vehicles_symposium_proceedings_2002,
	address = {Piscataway, NJ},
	title = {Proceedings / {IV} 2002, {IEEE} {Intelligent} {Vehicles} {Symposium}: {June} 17 - 21, 2002, {Versailles}, {France}},
	isbn = {978-0-7803-7346-4},
	shorttitle = {Proceedings / {IV} 2002, {IEEE} {Intelligent} {Vehicles} {Symposium}},
	language = {eng},
	publisher = {IEEE Service Center},
	editor = {{Intelligent Vehicles Symposium} and {Institut National de Recherche en Informatique et en Automatique} and {Institute of Electrical and Electronics Engineers} and {Intelligent Transportation Systems Council}},
	year = {2002},
	keywords = {Kongress, Verkehrsleitsystem},
	file = {Evaluation of CACC string stability using SUMO, Simulink, and OMNeT++.pdf:/home/franz/Documents/MasterThesis/doc/lterature/omnet/unread/Evaluation of CACC string stability using SUMO,
Simulink, and OMNeT++.pdf:application/pdf}
}

@article{labella_hybrid_2010,
	title = {Hybrid simulation of {Sensor} and {Actor} {Networks} with {BARAKA}},
	volume = {16},
	issn = {1022-0038, 1572-8196},
	url = {http://link.springer.com/10.1007/s11276-008-0134-1},
	doi = {10.1007/s11276-008-0134-1},
	language = {en},
	number = {6},
	urldate = {2015-12-17},
	journal = {Wireless Networks},
	author = {Labella, Thomas Halva and Dietrich, Isabel and Dressler, Falko},
	month = aug,
	year = {2010},
	pages = {1525--1539},
	file = {Hybrid simulation of Sensor and Actor Networks with BARAKA.pdf:/home/franz/Documents/MasterThesis/doc/lterature/omnet/unread/Hybrid simulation of Sensor and Actor Networks with BARAKA.pdf:application/pdf}
}

@article{scussel_improvements_2015,
	title = {Improvements in {OMNeT}++/{INET} {Real}-{Time} {Scheduler} for {Emulation} {Mode}},
	url = {http://arxiv.org/abs/1509.03105},
	urldate = {2015-12-17},
	journal = {arXiv preprint arXiv:1509.03105},
	author = {Scussel, Artur Austregesilo and Panholzer, Georg and Brandauer, Christof and von Tüllenburg, Ferdinand},
	year = {2015},
	file = {Improvements in OMNeT++ INET Real-Time Scheduler for Emulation Mode.pdf:/home/franz/Documents/MasterThesis/doc/lterature/omnet/unread/Improvements in OMNeT++ INET Real-Time Scheduler for Emulation Mode.pdf:application/pdf}
}

@article{karch_real-time-ethernet_????,
	title = {Real-{Time}-{Ethernet} {Netzwerke}},
	url = {http://core.informatik.haw-hamburg.de/images/publications/theses/k-loern13.pdf},
	urldate = {2015-12-17},
	author = {Karch, Oleg},
	file = {Kopplung einer OMNeT++ basierten Echtzeitsimulation an%0AReal-Time-Ethernet Netzwerke.pdf:/home/franz/Documents/MasterThesis/doc/lterature/omnet/unread/Kopplung einer OMNeT++ basierten Echtzeitsimulation an%0AReal-Time-Ethernet Netzwerke.pdf:application/pdf}
}

@article{palan_media_2011,
	title = {Media access control protocol modelling for mobile sensor network using {OMNeT}++-{MiXiM} network simulator},
	url = {http://digital-library.theiet.org/content/conferences/10.1049/cp.2011.0440},
	urldate = {2015-12-17},
	author = {Palan, Nitin G. and Khadilkar, Aditi P.},
	year = {2011},
	file = {Media Access Control Protocol Modelling for Mobile Sensor NetworkUsing OMNeT++ -MiXiM Network Simulator.pdf:/home/franz/Documents/MasterThesis/doc/lterature/omnet/unread/Media Access Control Protocol Modelling for Mobile
Sensor NetworkUsing
OMNeT++ -MiXiM Network Simulator.pdf:application/pdf}
}

@article{du_modeling_2014,
	title = {Modeling and simulation of networked low-power embedded systems: a taxonomy},
	volume = {2014},
	shorttitle = {Modeling and simulation of networked low-power embedded systems},
	url = {http://link.springer.com/article/10.1186/1687-1499-2014-106},
	number = {1},
	urldate = {2015-12-17},
	journal = {EURASIP Journal on Wireless Communications and Networking},
	author = {Du, Wan and Mieyeville, Fabien and Navarro, David and O’Connor, Ian and Carrel, Laurent},
	year = {2014},
	pages = {1--12},
	file = {Modeling and simulation of networked low-power embedded systems\: a taxonomy.pdf:/home/franz/Documents/MasterThesis/doc/lterature/omnet/unread/Modeling and simulation of networked
low-power embedded systems\: a taxonomy.pdf:application/pdf}
}

@inproceedings{shaukat_mwsn_2014,
	title = {{MWSN} {Modeling} {Using} {OMNET}++ {Simulator}},
	isbn = {978-1-4799-3858-2},
	url = {http://ieeexplore.ieee.org/lpdocs/epic03/wrapper.htm?arnumber=7280978},
	doi = {10.1109/ISMS.2014.108},
	urldate = {2015-12-17},
	publisher = {IEEE},
	author = {Shaukat, Haafizah Rameeza and Hashim, Fazirulhisyam},
	month = jan,
	year = {2014},
	pages = {597--602},
	file = {MWSN Modeling Using OMNeT++ Simulator.pdf:/home/franz/Documents/MasterThesis/doc/lterature/omnet/unread/MWSN Modeling Using OMNeT++ Simulator.pdf:application/pdf}
}

@article{brown_bond-valence_1985,
	title = {Bond-valence parameters obtained from a systematic analysis of the inorganic crystal structure database},
	volume = {41},
	url = {http://scripts.iucr.org/cgi-bin/paper?S0108768185002063},
	number = {4},
	urldate = {2015-12-17},
	journal = {Acta Crystallographica Section B: Structural Science},
	author = {Brown, I. D. and Altermatt, D.},
	year = {1985},
	pages = {244--247},
	file = {OMNet++ - Manual.pdf:/home/franz/Documents/MasterThesis/doc/lterature/omnet/OMNet++ - Manual.pdf:application/pdf}
}

@article{varga_parallel_2003,
	title = {Parallel {Simulation} {Made} {Easy} {With} {OMNeT}+},
	url = {http://omnetpp.org/doc/publications/vargasekerci09parsim.pdf},
	author = {Varga, Andras and Dekercioglu, Ahmet Y.},
	year = {2003},
	file = {Parallel Simulation Made Easy With OMNeT++ .pdf:/home/franz/Documents/MasterThesis/doc/lterature/omnet/unread/Parallel Simulation Made Easy With OMNeT++
.pdf:application/pdf}
}

@inproceedings{kuo_performance_2013,
	title = {Performance analysis of real-time streaming under {TCP} and {UDP} in {VANET} via {OMNET}},
	url = {http://ieeexplore.ieee.org/xpls/abs_all.jsp?arnumber=6685531},
	urldate = {2015-12-17},
	booktitle = {{ITS} {Telecommunications} ({ITST}), 2013 13th {International} {Conference} on},
	publisher = {IEEE},
	author = {Kuo, Jun-Li and Shih, Chen-Hua and Chen, Yaw-Chung},
	year = {2013},
	pages = {116--121},
	file = {PerformanceAnalysisOfRealTimeStreamingUnderTCPAndUDPInVANETViaOMNET.pdf:/home/franz/Documents/MasterThesis/doc/lterature/omnet/unread/PerformanceAnalysisOfRealTimeStreamingUnderTCPAndUDPInVANETViaOMNET.pdf:application/pdf}
}

@inproceedings{anggadjaja_point--point_2010,
	title = {Point-to-{Point} {OMNeT}++ {Based} {Simulation} of {Reliable} {Transmission} {Using} {Realistic} {Segmentation} and {Reassembly} with {Error} {Control}},
	isbn = {978-1-4244-8746-2},
	url = {http://ieeexplore.ieee.org/lpdocs/epic03/wrapper.htm?arnumber=5675830},
	doi = {10.1109/ACT.2010.25},
	urldate = {2015-12-17},
	publisher = {IEEE},
	author = {Anggadjaja, Erwin and Mcloughlin, Ian},
	month = dec,
	year = {2010},
	pages = {125--128},
	file = {Point-to-Point OMNeT++ Based Simulation of Reliable Transmission Using Realistic Segmentation and Reassembly With Error Control.pdf:/home/franz/Documents/MasterThesis/doc/lterature/omnet/unread/Point-to-Point OMNeT++ Based Simulation
of Reliable Transmission Using Realistic
Segmentation and Reassembly With Error Control.pdf:application/pdf}
}

@article{sommer_simulation_2010,
	title = {Simulation of {Ad} {Hoc} {Routing} {Protocols} using {OMNeT}++: {A} {Case} {Study} for the {DYMO} {Protocol}},
	volume = {15},
	issn = {1383-469X, 1572-8153},
	shorttitle = {Simulation of {Ad} {Hoc} {Routing} {Protocols} using {OMNeT}++},
	url = {http://link.springer.com/10.1007/s11036-009-0174-5},
	doi = {10.1007/s11036-009-0174-5},
	language = {en},
	number = {6},
	urldate = {2015-12-17},
	journal = {Mobile Networks and Applications},
	author = {Sommer, Christoph and Dietrich, Isabel and Dressler, Falko},
	month = dec,
	year = {2010},
	pages = {786--801},
	file = {Simulation of Ad Hoc Routing Protocols using OMNeT++.pdf:/home/franz/Documents/MasterThesis/doc/lterature/omnet/unread/Simulation of Ad Hoc Routing Protocols using OMNeT++.pdf:application/pdf}
}

@book{di_benedetto_cognitive_2015,
	address = {Cham},
	series = {Signals and {Communication} {Technology}},
	title = {Cognitive {Radio} and {Networking} for {Heterogeneous} {Wireless} {Networks}},
	isbn = {978-3-319-01717-4 978-3-319-01718-1},
	url = {http://link.springer.com/10.1007/978-3-319-01718-1},
	urldate = {2015-12-17},
	publisher = {Springer International Publishing},
	editor = {Di Benedetto, Maria-Gabriella and Cattoni, Andrea F. and Fiorina, Jocelyn and Bader, Faouzi and De Nardis, Luca},
	year = {2015},
	file = {Simulation of Cognitive Radio Networks in OMNeT++.pdf:/home/franz/Documents/MasterThesis/doc/lterature/omnet/unread/Simulation of Cognitive Radio Networks in OMNeT++.pdf:application/pdf}
}

@inproceedings{wang_tactical_2013,
	title = {Tactical data link based on {OMNET}++},
	url = {http://ieeexplore.ieee.org/xpls/abs_all.jsp?arnumber=6820364},
	urldate = {2015-12-17},
	booktitle = {Communication {Technology} ({ICCT}), 2013 15th {IEEE} {International} {Conference} on},
	publisher = {IEEE},
	author = {Wang, Yongbin and Liu, Hongbo and Liu, Qintao},
	year = {2013},
	pages = {151--156},
	file = {Tactical Data Link Based on OMNET++ .pdf:/home/franz/Documents/MasterThesis/doc/lterature/omnet/unread/Tactical Data Link Based on OMNET++ .pdf:application/pdf}
}

@article{varga_using_1999,
	title = {Using the {OMNeT}++ discrete event simulation system in education},
	volume = {42},
	url = {http://ieeexplore.ieee.org/xpls/abs_all.jsp?arnumber=804564},
	number = {4},
	urldate = {2015-12-17},
	journal = {Education, IEEE Transactions on},
	author = {Varga, András},
	year = {1999},
	pages = {11--pp},
	file = {Using the OMNeT++ Discrete Event Simulation System in Education.pdf:/home/franz/Documents/MasterThesis/doc/lterature/omnet/unread/Using the OMNeT++ Discrete Event
Simulation System in Education.pdf:application/pdf}
}

@inproceedings{varga_overview_2008,
	title = {An overview of the {OMNeT}++ simulation environment},
	url = {http://dl.acm.org/citation.cfm?id=1416290},
	booktitle = {Proceedings of the 1st international conference on {Simulation} tools and techniques for communications, networks and systems \& workshops},
	publisher = {ICST (Institute for Computer Sciences, Social-Informatics and Telecommunications Engineering)},
	author = {Varga, András and Hornig, Rudolf},
	year = {2008},
	pages = {60},
	file = {10.1.1.231.4511.pdf:/home/franz/Documents/MasterThesis/doc/lterature/omnet/unread/10.1.1.231.4511.pdf:application/pdf}
}

@misc{_omnet++_????,
	title = {{OMNeT}++ {API} {Reference}}
}